@ARTICLE{Gardner2006,
       author = {{Gardner}, Jonathan P. and {Mather}, John C. and {Clampin}, Mark and {Doyon}, Rene and {Greenhouse}, Matthew A. and {Hammel}, Heidi B. and {Hutchings}, John B. and {Jakobsen}, Peter and {Lilly}, Simon J. and {Long}, Knox S. and {Lunine}, Jonathan I. and {McCaughrean}, Mark J. and {Mountain}, Matt and {Nella}, John and {Rieke}, George H. and {Rieke}, Marcia J. and {Rix}, Hans-Walter and {Smith}, Eric P. and {Sonneborn}, George and {Stiavelli}, Massimo and {Stockman}, H.~S. and {Windhorst}, Rogier A. and {Wright}, Gillian S.},
        title = "{The James Webb Space Telescope}",
      journal = {\ssr},
     keywords = {galaxies: formation, infrared: general, planetary systems, space vehicles: instruments, stars: formation, Astrophysics},
         year = 2006,
        month = apr,
       volume = {123},
       number = {4},
        pages = {485-606},
          doi = {10.1007/s11214-006-8315-7},
archivePrefix = {arXiv},
       eprint = {astro-ph/0606175},
 primaryClass = {astro-ph},
       adsurl = {https://ui.adsabs.harvard.edu/abs/2006SSRv..123..485G},
      adsnote = {Provided by the SAO/NASA Astrophysics Data System}
}

@ARTICLE{Bradley2023,
       author = {{Bradley}, Larry D. and {Coe}, Dan and {Brammer}, Gabriel and {Furtak}, Lukas J. and {Larson}, Rebecca L. and {Kokorev}, Vasily and {Andrade-Santos}, Felipe and {Bhatawdekar}, Rachana and {Brada{\v{c}}}, Maru{\v{s}}a and {Broadhurst}, Tom and {Carnall}, Adam and {Conselice}, Christopher J. and {Diego}, Jose M. and {Frye}, Brenda and {Fujimoto}, Seiji and {Hsiao}, Tiger Y. -Y. and {Hutchison}, Taylor A. and {Jung}, Intae and {Mahler}, Guillaume and {McCandliss}, Stephan and {Oguri}, Masamune and {Postman}, Marc and {Sharon}, Keren and {Trenti}, M. and {Vanzella}, Eros and {Welch}, Brian and {Windhorst}, Rogier A. and {Zitrin}, Adi},
        title = "{High-redshift Galaxy Candidates at z = 9-10 as Revealed by JWST Observations of WHL0137-08}",
      journal = {\apj},
     keywords = {High-redshift galaxies, Galaxy clusters, Strong gravitational lensing, 734, 584, 1643, Astrophysics - Astrophysics of Galaxies},
         year = 2023,
        month = sep,
       volume = {955},
       number = {1},
          eid = {13},
        pages = {13},
          doi = {10.3847/1538-4357/acecfe},
archivePrefix = {arXiv},
       eprint = {2210.01777},
 primaryClass = {astro-ph.GA},
       adsurl = {https://ui.adsabs.harvard.edu/abs/2023ApJ...955...13B},
      adsnote = {Provided by the SAO/NASA Astrophysics Data System}
}

@ARTICLE{Adams2023,
       author = {{Adams}, N.~J. and {Conselice}, C.~J. and {Ferreira}, L. and {Austin}, D. and {Trussler}, J.~A.~A. and {Juod{\v{z}}balis}, I. and {Wilkins}, S.~M. and {Caruana}, J. and {Dayal}, P. and {Verma}, A. and {Vijayan}, A.~P.},
        title = "{Discovery and properties of ultra-high redshift galaxies (9 < z < 12) in the JWST ERO SMACS 0723 Field}",
      journal = {\mnras},
     keywords = {galaxies: evolution, galaxies: formation, galaxies: high-redshift, Astrophysics - Astrophysics of Galaxies},
         year = 2023,
        month = jan,
       volume = {518},
       number = {3},
        pages = {4755-4766},
          doi = {10.1093/mnras/stac3347},
archivePrefix = {arXiv},
       eprint = {2207.11217},
 primaryClass = {astro-ph.GA},
       adsurl = {https://ui.adsabs.harvard.edu/abs/2023MNRAS.518.4755A},
      adsnote = {Provided by the SAO/NASA Astrophysics Data System}
}

@ARTICLE{Donnan2023,
       author = {{Donnan}, C.~T. and {McLeod}, D.~J. and {Dunlop}, J.~S. and {McLure}, R.~J. and {Carnall}, A.~C. and {Begley}, R. and {Cullen}, F. and {Hamadouche}, M.~L. and {Bowler}, R.~A.~A. and {Magee}, D. and {McCracken}, H.~J. and {Milvang-Jensen}, B. and {Moneti}, A. and {Targett}, T.},
        title = "{The evolution of the galaxy UV luminosity function at redshifts z $\approx$ 8 - 15 from deep JWST and ground-based near-infrared imaging}",
      journal = {\mnras},
     keywords = {galaxies: evolution, galaxies: formation, galaxies: high-redshift, Astrophysics - Astrophysics of Galaxies},
         year = 2023,
        month = feb,
       volume = {518},
       number = {4},
        pages = {6011-6040},
          doi = {10.1093/mnras/stac3472},
archivePrefix = {arXiv},
       eprint = {2207.12356},
 primaryClass = {astro-ph.GA},
       adsurl = {https://ui.adsabs.harvard.edu/abs/2023MNRAS.518.6011D},
      adsnote = {Provided by the SAO/NASA Astrophysics Data System}
}

@ARTICLE{Eilers2023,
       author = {{Eilers}, Anna-Christina and {Simcoe}, Robert A. and {Yue}, Minghao and {Mackenzie}, Ruari and {Matthee}, Jorryt and {{\v{D}}urov{\v{c}}{\'\i}kov{\'a}}, Dominika and {Kashino}, Daichi and {Bordoloi}, Rongmon and {Lilly}, Simon J.},
        title = "{EIGER. III. JWST/NIRCam Observations of the Ultraluminous High-redshift Quasar J0100+2802}",
      journal = {\apj},
     keywords = {Early universe, Quasars, Supermassive black holes, Gravitational lensing, Strong gravitational lensing, Astronomical methods, Observational astronomy, 435, 1319, 1663, 670, 1643, 1043, 1145, Astrophysics - Astrophysics of Galaxies, Astrophysics - Cosmology and Nongalactic Astrophysics},
         year = 2023,
        month = jun,
       volume = {950},
       number = {1},
          eid = {68},
        pages = {68},
          doi = {10.3847/1538-4357/acd776},
archivePrefix = {arXiv},
       eprint = {2211.16261},
 primaryClass = {astro-ph.GA},
       adsurl = {https://ui.adsabs.harvard.edu/abs/2023ApJ...950...68E},
      adsnote = {Provided by the SAO/NASA Astrophysics Data System}
}


@ARTICLE{Jin2023,
       author = {{Jin}, Xiangyu and {Yang}, Jinyi and {Fan}, Xiaohui and {Wang}, Feige and {Ba{\~n}ados}, Eduardo and {Bian}, Fuyan and {Davies}, Frederick B. and {Eilers}, Anna-Christina and {Farina}, Emanuele Paolo and {Hennawi}, Joseph F. and {Pacucci}, Fabio and {Venemans}, Bram and {Walter}, Fabian},
        title = "{(Nearly) Model-independent Constraints on the Neutral Hydrogen Fraction in the Intergalactic Medium at z   5-7 Using Dark Pixel Fractions in Ly{\ensuremath{\alpha}} and Ly{\ensuremath{\beta}} Forests}",
      journal = {\apj},
     keywords = {Reionization, Intergalactic medium, Cosmology, 1383, 813, 343, Astrophysics - Cosmology and Nongalactic Astrophysics, Astrophysics - Astrophysics of Galaxies},
         year = 2023,
        month = jan,
       volume = {942},
       number = {2},
          eid = {59},
        pages = {59},
          doi = {10.3847/1538-4357/aca678},
archivePrefix = {arXiv},
       eprint = {2211.12613},
 primaryClass = {astro-ph.CO},
       adsurl = {https://ui.adsabs.harvard.edu/abs/2023ApJ...942...59J},
      adsnote = {Provided by the SAO/NASA Astrophysics Data System}
}


@ARTICLE{Planck2020a,
       author = {{Planck Collaboration} and {Aghanim}, N. and {Akrami}, Y. and
         {Ashdown}, M. and {Aumont}, J. and {Baccigalupi}, C. and
         {Ballardini}, M. and {Banday}, A.~J. and {Barreiro}, R.~B. and
         {Bartolo}, N. and {Basak}, S. and {Battye}, R. and {Benabed}, K. and
         {Bernard}, J. -P. and {Bersanelli}, M. and {Bielewicz}, P. and
         {Bock}, J.~J. and {Bond}, J.~R. and {Borrill}, J. and {Bouchet}, F.~R. and
         {Boulanger}, F. and {Bucher}, M. and {Burigana}, C. and
         {Butler}, R.~C. and {Calabrese}, E. and {Cardoso}, J. -F. and
         {Carron}, J. and {Challinor}, A. and {Chiang}, H.~C. and {Chluba}, J. and
         {Colombo}, L.~P.~L. and {Combet}, C. and {Contreras}, D. and
         {Crill}, B.~P. and {Cuttaia}, F. and {de Bernardis}, P. and
         {de Zotti}, G. and {Delabrouille}, J. and {Delouis}, J. -M. and
         {Di Valentino}, E. and {Diego}, J.~M. and {Dor{\'e}}, O. and
         {Douspis}, M. and {Ducout}, A. and {Dupac}, X. and {Dusini}, S. and
         {Efstathiou}, G. and {Elsner}, F. and {En{\ss}lin}, T.~A. and
         {Eriksen}, H.~K. and {Fantaye}, Y. and {Farhang}, M. and
         {Fergusson}, J. and {Fernandez-Cobos}, R. and {Finelli}, F. and
         {Forastieri}, F. and {Frailis}, M. and {Fraisse}, A.~A. and
         {Franceschi}, E. and {Frolov}, A. and {Galeotta}, S. and {Galli}, S. and
         {Ganga}, K. and {G{\'e}nova-Santos}, R.~T. and {Gerbino}, M. and
         {Ghosh}, T. and {Gonz{\'a}lez-Nuevo}, J. and {G{\'o}rski}, K.~M. and
         {Gratton}, S. and {Gruppuso}, A. and {Gudmundsson}, J.~E. and
         {Hamann}, J. and {Handley}, W. and {Hansen}, F.~K. and {Herranz}, D. and
         {Hildebrandt}, S.~R. and {Hivon}, E. and {Huang}, Z. and
         {Jaffe}, A.~H. and {Jones}, W.~C. and {Karakci}, A. and
         {Keih{\"a}nen}, E. and {Keskitalo}, R. and {Kiiveri}, K. and {Kim}, J. and
         {Kisner}, T.~S. and {Knox}, L. and {Krachmalnicoff}, N. and {Kunz}, M. and
         {Kurki-Suonio}, H. and {Lagache}, G. and {Lamarre}, J. -M. and
         {Lasenby}, A. and {Lattanzi}, M. and {Lawrence}, C.~R. and
         {Le Jeune}, M. and {Lemos}, P. and {Lesgourgues}, J. and {Levrier}, F. and
         {Lewis}, A. and {Liguori}, M. and {Lilje}, P.~B. and {Lilley}, M. and
         {Lindholm}, V. and {L{\'o}pez-Caniego}, M. and {Lubin}, P.~M. and
         {Ma}, Y. -Z. and {Mac{\'\i}as-P{\'e}rez}, J.~F. and {Maggio}, G. and
         {Maino}, D. and {Mandolesi}, N. and {Mangilli}, A. and
         {Marcos-Caballero}, A. and {Maris}, M. and {Martin}, P.~G. and
         {Martinelli}, M. and {Mart{\'\i}nez-Gonz{\'a}lez}, E. and
         {Matarrese}, S. and {Mauri}, N. and {McEwen}, J.~D. and
         {Meinhold}, P.~R. and {Melchiorri}, A. and {Mennella}, A. and
         {Migliaccio}, M. and {Millea}, M. and {Mitra}, S. and
         {Miville-Desch{\^e}nes}, M. -A. and {Molinari}, D. and {Montier}, L. and
         {Morgante}, G. and {Moss}, A. and {Natoli}, P. and
         {N{\o}rgaard-Nielsen}, H.~U. and {Pagano}, L. and {Paoletti}, D. and
         {Partridge}, B. and {Patanchon}, G. and {Peiris}, H.~V. and
         {Perrotta}, F. and {Pettorino}, V. and {Piacentini}, F. and
         {Polastri}, L. and {Polenta}, G. and {Puget}, J. -L. and
         {Rachen}, J.~P. and {Reinecke}, M. and {Remazeilles}, M. and
         {Renzi}, A. and {Rocha}, G. and {Rosset}, C. and {Roudier}, G. and
         {Rubi{\~n}o-Mart{\'\i}n}, J.~A. and {Ruiz-Granados}, B. and
         {Salvati}, L. and {Sandri}, M. and {Savelainen}, M. and {Scott}, D. and
         {Shellard}, E.~P.~S. and {Sirignano}, C. and {Sirri}, G. and
         {Spencer}, L.~D. and {Sunyaev}, R. and {Suur-Uski}, A. -S. and
         {Tauber}, J.~A. and {Tavagnacco}, D. and {Tenti}, M. and
         {Toffolatti}, L. and {Tomasi}, M. and {Trombetti}, T. and
         {Valenziano}, L. and {Valiviita}, J. and {Van Tent}, B. and
         {Vibert}, L. and {Vielva}, P. and {Villa}, F. and {Vittorio}, N. and {Wand
        elt}, B.~D. and {Wehus}, I.~K. and {White}, M. and {White}, S.~D.~M. and
         {Zacchei}, A. and {Zonca}, A.},
        title = "{Planck 2018 results. VI. Cosmological parameters}",
      journal = {\aap},
     keywords = {cosmic background radiation, cosmological parameters, Astrophysics - Cosmology and Nongalactic Astrophysics},
         year = 2020,
        month = sep,
       volume = {641},
          eid = {A6},
        pages = {A6},
          doi = {10.1051/0004-6361/201833910},
archivePrefix = {arXiv},
       eprint = {1807.06209},
 primaryClass = {astro-ph.CO},
       adsurl = {https://ui.adsabs.harvard.edu/abs/2020A&A...641A...6P},
      adsnote = {Provided by the SAO/NASA Astrophysics Data System}
}

@ARTICLE{Planck2020b,
       author = {{Planck Collaboration} and {Aghanim}, N. and {Akrami}, Y. and {Arroja}, F. and {Ashdown}, M. and {Aumont}, J. and {Baccigalupi}, C. and {Ballardini}, M. and {Banday}, A.~J. and {Barreiro}, R.~B. and {Bartolo}, N. and {Basak}, S. and {Battye}, R. and {Benabed}, K. and {Bernard}, J. -P. and {Bersanelli}, M. and {Bielewicz}, P. and {Bock}, J.~J. and {Bond}, J.~R. and {Borrill}, J. and {Bouchet}, F.~R. and {Boulanger}, F. and {Bucher}, M. and {Burigana}, C. and {Butler}, R.~C. and {Calabrese}, E. and {Cardoso}, J. -F. and {Carron}, J. and {Casaponsa}, B. and {Challinor}, A. and {Chiang}, H.~C. and {Colombo}, L.~P.~L. and {Combet}, C. and {Contreras}, D. and {Crill}, B.~P. and {Cuttaia}, F. and {de Bernardis}, P. and {de Zotti}, G. and {Delabrouille}, J. and {Delouis}, J. -M. and {D{\'e}sert}, F. -X. and {Di Valentino}, E. and {Dickinson}, C. and {Diego}, J.~M. and {Donzelli}, S. and {Dor{\'e}}, O. and {Douspis}, M. and {Ducout}, A. and {Dupac}, X. and {Efstathiou}, G. and {Elsner}, F. and {En{\ss}lin}, T.~A. and {Eriksen}, H.~K. and {Falgarone}, E. and {Fantaye}, Y. and {Fergusson}, J. and {Fernandez-Cobos}, R. and {Finelli}, F. and {Forastieri}, F. and {Frailis}, M. and {Franceschi}, E. and {Frolov}, A. and {Galeotta}, S. and {Galli}, S. and {Ganga}, K. and {G{\'e}nova-Santos}, R.~T. and {Gerbino}, M. and {Ghosh}, T. and {Gonz{\'a}lez-Nuevo}, J. and {G{\'o}rski}, K.~M. and {Gratton}, S. and {Gruppuso}, A. and {Gudmundsson}, J.~E. and {Hamann}, J. and {Handley}, W. and {Hansen}, F.~K. and {Helou}, G. and {Herranz}, D. and {Hildebrandt}, S.~R. and {Hivon}, E. and {Huang}, Z. and {Jaffe}, A.~H. and {Jones}, W.~C. and {Karakci}, A. and {Keih{\"a}nen}, E. and {Keskitalo}, R. and {Kiiveri}, K. and {Kim}, J. and {Kisner}, T.~S. and {Knox}, L. and {Krachmalnicoff}, N. and {Kunz}, M. and {Kurki-Suonio}, H. and {Lagache}, G. and {Lamarre}, J. -M. and {Langer}, M. and {Lasenby}, A. and {Lattanzi}, M. and {Lawrence}, C.~R. and {Le Jeune}, M. and {Leahy}, J.~P. and {Lesgourgues}, J. and {Levrier}, F. and {Lewis}, A. and {Liguori}, M. and {Lilje}, P.~B. and {Lilley}, M. and {Lindholm}, V. and {L{\'o}pez-Caniego}, M. and {Lubin}, P.~M. and {Ma}, Y. -Z. and {Mac{\'\i}as-P{\'e}rez}, J.~F. and {Maggio}, G. and {Maino}, D. and {Mandolesi}, N. and {Mangilli}, A. and {Marcos-Caballero}, A. and {Maris}, M. and {Martin}, P.~G. and {Martinelli}, M. and {Mart{\'\i}nez-Gonz{\'a}lez}, E. and {Matarrese}, S. and {Mauri}, N. and {McEwen}, J.~D. and {Meerburg}, P.~D. and {Meinhold}, P.~R. and {Melchiorri}, A. and {Mennella}, A. and {Migliaccio}, M. and {Millea}, M. and {Mitra}, S. and {Miville-Desch{\^e}nes}, M. -A. and {Molinari}, D. and {Moneti}, A. and {Montier}, L. and {Morgante}, G. and {Moss}, A. and {Mottet}, S. and {M{\"u}nchmeyer}, M. and {Natoli}, P. and {N{\o}rgaard-Nielsen}, H.~U. and {Oxborrow}, C.~A. and {Pagano}, L. and {Paoletti}, D. and {Partridge}, B. and {Patanchon}, G. and {Pearson}, T.~J. and {Peel}, M. and {Peiris}, H.~V. and {Perrotta}, F. and {Pettorino}, V. and {Piacentini}, F. and {Polastri}, L. and {Polenta}, G. and {Puget}, J. -L. and {Rachen}, J.~P. and {Reinecke}, M. and {Remazeilles}, M. and {Renault}, C. and {Renzi}, A. and {Rocha}, G. and {Rosset}, C. and {Roudier}, G. and {Rubi{\~n}o-Mart{\'\i}n}, J.~A. and {Ruiz-Granados}, B. and {Salvati}, L. and {Sandri}, M. and {Savelainen}, M. and {Scott}, D. and {Shellard}, E.~P.~S. and {Shiraishi}, M. and {Sirignano}, C. and {Sirri}, G. and {Spencer}, L.~D. and {Sunyaev}, R. and {Suur-Uski}, A. -S. and {Tauber}, J.~A. and {Tavagnacco}, D. and {Tenti}, M. and {Terenzi}, L. and {Toffolatti}, L. and {Tomasi}, M. and {Trombetti}, T. and {Valiviita}, J. and {Van Tent}, B. and {Vibert}, L. and {Vielva}, P. and {Villa}, F. and {Vittorio}, N. and {Wandelt}, B.~D. and {Wehus}, I.~K. and {White}, M. and {White}, S.~D.~M. and {Zacchei}, A. and {Zonca}, A.},
        title = "{Planck 2018 results. I. Overview and the cosmological legacy of Planck}",
      journal = {\aap},
     keywords = {cosmology: observations, cosmology: theory, cosmic background radiation, surveys, Astrophysics - Cosmology and Nongalactic Astrophysics},
         year = 2020,
        month = sep,
       volume = {641},
          eid = {A1},
        pages = {A1},
          doi = {10.1051/0004-6361/201833880},
archivePrefix = {arXiv},
       eprint = {1807.06205},
 primaryClass = {astro-ph.CO},
       adsurl = {https://ui.adsabs.harvard.edu/abs/2020A&A...641A...1P},
      adsnote = {Provided by the SAO/NASA Astrophysics Data System}
}


@ARTICLE{Natale2020,
       author = {{Natale}, U. and {Pagano}, L. and {Lattanzi}, M. and {Migliaccio}, M. and {Colombo}, L.~P. and {Gruppuso}, A. and {Natoli}, P. and {Polenta}, G.},
        title = "{A novel CMB polarization likelihood package for large angular scales built from combined WMAP and Planck LFI legacy maps}",
      journal = {\aap},
     keywords = {cosmological parameters, dark ages, reionization, first stars, Astrophysics - Cosmology and Nongalactic Astrophysics},
         year = 2020,
        month = dec,
       volume = {644},
          eid = {A32},
        pages = {A32},
          doi = {10.1051/0004-6361/202038508},
archivePrefix = {arXiv},
       eprint = {2005.05600},
 primaryClass = {astro-ph.CO},
       adsurl = {https://ui.adsabs.harvard.edu/abs/2020A&A...644A..32N},
      adsnote = {Provided by the SAO/NASA Astrophysics Data System}
}


@ARTICLE{Paradiso2023,
       author = {{Paradiso}, S. and {Colombo}, L.~P.~L. and {Andersen}, K.~J. and {Aurlien}, R. and {Banerji}, R. and {Basyrov}, A. and {Bersanelli}, M. and {Bertocco}, S. and {Brilenkov}, M. and {Carbone}, M. and {Eriksen}, H.~K. and {Eskilt}, J.~R. and {Foss}, M.~K. and {Franceschet}, C. and {Fuskeland}, U. and {Galeotta}, S. and {Galloway}, M. and {Gerakakis}, S. and {Gjerl{\o}w}, E. and {Hensley}, B. and {Herman}, D. and {Iacobellis}, M. and {Ieronymaki}, M. and {Ihle}, H.~T. and {Jewell}, J.~B. and {Karakci}, A. and {Keih{\"a}nen}, E. and {Keskitalo}, R. and {Maggio}, G. and {Maino}, D. and {Maris}, M. and {Partridge}, B. and {Reinecke}, M. and {San}, M. and {Suur-Uski}, A. -S. and {Svalheim}, T.~L. and {Tavagnacco}, D. and {Thommesen}, H. and {Watts}, D.~J. and {Wehus}, I.~K. and {Zacchei}, A.},
        title = "{BEYONDPLANCK. XII. Cosmological parameter constraints with end-to-end error propagation}",
      journal = {\aap},
     keywords = {cosmic background radiation, cosmological parameters, cosmology: observations, Astrophysics - Cosmology and Nongalactic Astrophysics, 83F05},
         year = 2023,
        month = jul,
       volume = {675},
          eid = {A12},
        pages = {A12},
          doi = {10.1051/0004-6361/202244060},
archivePrefix = {arXiv},
       eprint = {2205.10104},
 primaryClass = {astro-ph.CO},
       adsurl = {https://ui.adsabs.harvard.edu/abs/2023A&A...675A..12P},
      adsnote = {Provided by the SAO/NASA Astrophysics Data System}
}


@ARTICLE{Pagano2020,
       author = {{Pagano}, L. and {Delouis}, J. -M. and {Mottet}, S. and {Puget}, J. -L. and {Vibert}, L.},
        title = "{Reionization optical depth determination from Planck HFI data with ten percent accuracy}",
      journal = {\aap},
     keywords = {cosmic background radiation, dark ages, reionization, first stars, methods: data analysis, Astrophysics - Cosmology and Nongalactic Astrophysics},
         year = 2020,
        month = mar,
       volume = {635},
          eid = {A99},
        pages = {A99},
          doi = {10.1051/0004-6361/201936630},
archivePrefix = {arXiv},
       eprint = {1908.09856},
 primaryClass = {astro-ph.CO},
       adsurl = {https://ui.adsabs.harvard.edu/abs/2020A&A...635A..99P},
      adsnote = {Provided by the SAO/NASA Astrophysics Data System}
}


@ARTICLE{Giare2023,
       author = {{Giar{\`e}}, William and {Di Valentino}, Eleonora and {Melchiorri}, Alessandro},
        title = "{Measuring the reionization optical depth without large-scale CMB polarization}",
      journal = {arXiv e-prints},
     keywords = {Astrophysics - Cosmology and Nongalactic Astrophysics},
         year = 2023,
        month = dec,
          eid = {arXiv:2312.06482},
        pages = {arXiv:2312.06482},
          doi = {10.48550/arXiv.2312.06482},
archivePrefix = {arXiv},
       eprint = {2312.06482},
 primaryClass = {astro-ph.CO},
       adsurl = {https://ui.adsabs.harvard.edu/abs/2023arXiv231206482G},
      adsnote = {Provided by the SAO/NASA Astrophysics Data System}
}


@ARTICLE{Montero2021,
       author = {{Montero-Camacho}, Paulo and {Mao}, Yi},
        title = "{Extracting the astrophysics of reionization from the Ly{\ensuremath{\alpha}} forest power spectrum: a first forecast}",
      journal = {\mnras},
     keywords = {methods: numerical, intergalactic medium, dark ages, reionization, first stars, Astrophysics - Cosmology and Nongalactic Astrophysics},
         year = 2021,
        month = nov,
       volume = {508},
       number = {1},
        pages = {1262-1279},
          doi = {10.1093/mnras/stab2569},
archivePrefix = {arXiv},
       eprint = {2106.14492},
 primaryClass = {astro-ph.CO},
       adsurl = {https://ui.adsabs.harvard.edu/abs/2021MNRAS.508.1262M},
      adsnote = {Provided by the SAO/NASA Astrophysics Data System}
}


@ARTICLE{Hera2022,
       author = {{The HERA Collaboration} and {Abdurashidova}, Zara and {Adams}, Tyrone and {Aguirre}, James E. and {Alexander}, Paul and {Ali}, Zaki S. and {Baartman}, Rushelle and {Balfour}, Yanga and {Barkana}, Rennan and {Beardsley}, Adam P. and {Bernardi}, Gianni and {Billings}, Tashalee S. and {Bowman}, Judd D. and {Bradley}, Richard F. and {Breitman}, Daniela and {Bull}, Philip and {Burba}, Jacob and {Carey}, Steve and {Carilli}, Chris L. and {Cheng}, Carina and {Choudhuri}, Samir and {DeBoer}, David R. and {de Lera Acedo}, Eloy and {Dexter}, Matt and {Dillon}, Joshua S. and {Ely}, John and {Ewall-Wice}, Aaron and {Fagnoni}, Nicolas and {Fialkov}, Anastasia and {Fritz}, Randall and {Furlanetto}, Steven R. and {Gale-Sides}, Kingsley and {Garsden}, Hugh and {Glendenning}, Brian and {Gorce}, Ad{\'e}lie and {Gorthi}, Deepthi and {Greig}, Bradley and {Grobbelaar}, Jasper and {Halday}, Ziyaad and {Hazelton}, Bryna J. and {Heimersheim}, Stefan and {Hewitt}, Jacqueline N. and {Hickish}, Jack and {Jacobs}, Daniel C. and {Julius}, Austin and {Kern}, Nicholas S. and {Kerrigan}, Joshua and {Kittiwisit}, Piyanat and {Kohn}, Saul A. and {Kolopanis}, Matthew and {Lanman}, Adam and {La Plante}, Paul and {Lewis}, David and {Liu}, Adrian and {Loots}, Anita and {Ma}, Yin-Zhe and {MacMahon}, David H.~E. and {Malan}, Lourence and {Malgas}, Keith and {Malgas}, Cresshim and {Maree}, Matthys and {Marero}, Bradley and {Martinot}, Zachary E. and {McBride}, Lisa and {Mesinger}, Andrei and {Mirocha}, Jordan and {Molewa}, Mathakane and {Morales}, Miguel F. and {Mosiane}, Tshegofalang and {Mu{\~n}oz}, Julian B. and {Murray}, Steven G. and {Nagpal}, Vighnesh and {Neben}, Abraham R. and {Nikolic}, Bojan and {Nunhokee}, Chuneeta D. and {Nuwegeld}, Hans and {Parsons}, Aaron R. and {Pascua}, Robert and {Patra}, Nipanjana and {Pieterse}, Samantha and {Qin}, Yuxiang and {Razavi-Ghods}, Nima and {Robnett}, James and {Rosie}, Kathryn and {Santos}, Mario G. and {Sims}, Peter and {Singh}, Saurabh and {Smith}, Craig and {Swarts}, Hilton and {Tan}, Jianrong and {Thyagarajan}, Nithyanandan and {Wilensky}, Michael J. and {Williams}, Peter K.~G. and {van Wyngaarden}, Pieter and {Zheng}, Haoxuan},
        title = "{Improved Constraints on the 21 cm EoR Power Spectrum and the X-Ray Heating of the IGM with HERA Phase I Observations}",
      journal = {arXiv e-prints},
     keywords = {Astrophysics - Cosmology and Nongalactic Astrophysics, Astrophysics - Astrophysics of Galaxies, Astrophysics - Instrumentation and Methods for Astrophysics},
         year = 2022,
        month = oct,
          eid = {arXiv:2210.04912},
        pages = {arXiv:2210.04912},
          doi = {10.48550/arXiv.2210.04912},
archivePrefix = {arXiv},
       eprint = {2210.04912},
 primaryClass = {astro-ph.CO},
       adsurl = {https://ui.adsabs.harvard.edu/abs/2022arXiv221004912T},
      adsnote = {Provided by the SAO/NASA Astrophysics Data System}
}


@ARTICLE{Trac2018,
       author = {{Trac}, Hy},
        title = "{Parametrizing the Reionization History with the Redshift Midpoint, Duration, and Asymmetry}",
      journal = {\apjl},
     keywords = {cosmology: theory, dark ages, reionization, first stars, Astrophysics - Cosmology and Nongalactic Astrophysics},
         year = 2018,
        month = may,
       volume = {858},
       number = {2},
          eid = {L11},
        pages = {L11},
          doi = {10.3847/2041-8213/aabff0},
archivePrefix = {arXiv},
       eprint = {1804.00672},
 primaryClass = {astro-ph.CO},
       adsurl = {https://ui.adsabs.harvard.edu/abs/2018ApJ...858L..11T},
      adsnote = {Provided by the SAO/NASA Astrophysics Data System}
}


@ARTICLE{Trac2022,
       author = {{Trac}, Hy and {Chen}, Nianyi and {Holst}, Ian and {Alvarez}, Marcelo A. and {Cen}, Renyue},
        title = "{AMBER: A Semi-numerical Abundance Matching Box for the Epoch of Reionization}",
      journal = {\apj},
     keywords = {Cosmology, Reionization, Intergalactic medium, Large-scale structure of the universe, Computational methods, 343, 1383, 813, 902, 1965, Astrophysics - Cosmology and Nongalactic Astrophysics, Astrophysics - Astrophysics of Galaxies, Astrophysics - Instrumentation and Methods for Astrophysics},
         year = 2022,
        month = mar,
       volume = {927},
       number = {2},
          eid = {186},
        pages = {186},
          doi = {10.3847/1538-4357/ac5116},
archivePrefix = {arXiv},
       eprint = {2109.10375},
 primaryClass = {astro-ph.CO},
       adsurl = {https://ui.adsabs.harvard.edu/abs/2022ApJ...927..186T},
      adsnote = {Provided by the SAO/NASA Astrophysics Data System}
}


@ARTICLE{Gnedin2022,
       author = {{Gnedin}, Nickolay Y. and {Madau}, Piero},
        title = "{Modeling cosmic reionization}",
      journal = {Living Reviews in Computational Astrophysics},
     keywords = {Cosmology, Cosmic reionization, Numerical methods, Astrophysics - Cosmology and Nongalactic Astrophysics},
         year = 2022,
        month = dec,
       volume = {8},
       number = {1},
          eid = {3},
        pages = {3},
          doi = {10.1007/s41115-022-00015-5},
archivePrefix = {arXiv},
       eprint = {2208.02260},
 primaryClass = {astro-ph.CO},
       adsurl = {https://ui.adsabs.harvard.edu/abs/2022LRCA....8....3G},
      adsnote = {Provided by the SAO/NASA Astrophysics Data System}
}

@ARTICLE{Kannan2022,
       author = {{Kannan}, R. and {Garaldi}, E. and {Smith}, A. and {Pakmor}, R. and {Springel}, V. and {Vogelsberger}, M. and {Hernquist}, L.},
        title = "{Introducing the THESAN project: radiation-magnetohydrodynamic simulations of the epoch of reionization}",
      journal = {\mnras},
     keywords = {radiative transfer, methods: numerical, galaxies: high-redshift, dark ages, reionization, first stars, Astrophysics - Astrophysics of Galaxies, Astrophysics - Cosmology and Nongalactic Astrophysics},
         year = 2022,
        month = apr,
       volume = {511},
       number = {3},
        pages = {4005-4030},
          doi = {10.1093/mnras/stab3710},
archivePrefix = {arXiv},
       eprint = {2110.00584},
 primaryClass = {astro-ph.GA},
       adsurl = {https://ui.adsabs.harvard.edu/abs/2022MNRAS.511.4005K},
      adsnote = {Provided by the SAO/NASA Astrophysics Data System}
}


@ARTICLE{Fan2023,
       author = {{Fan}, Xiaohui and {Ba{\~n}ados}, Eduardo and {Simcoe}, Robert A.},
        title = "{Quasars and the Intergalactic Medium at Cosmic Dawn}",
      journal = {\araa},
     keywords = {Astrophysics - Astrophysics of Galaxies},
         year = 2023,
        month = aug,
       volume = {61},
        pages = {373-426},
          doi = {10.1146/annurev-astro-052920-102455},
archivePrefix = {arXiv},
       eprint = {2212.06907},
 primaryClass = {astro-ph.GA},
       adsurl = {https://ui.adsabs.harvard.edu/abs/2023ARA&A..61..373F},
      adsnote = {Provided by the SAO/NASA Astrophysics Data System}
}


@ARTICLE{Murray2020,
       author = {{Murray}, Steven and {Greig}, Bradley and {Mesinger}, Andrei and {Mu{\~n}oz}, Julian and {Qin}, Yuxiang and {Park}, Jaehong and {Watkinson}, Catherine},
        title = "{21cmFAST v3: A Python-integrated C code for generating 3D realizations of the cosmic 21cm signal.}",
      journal = {The Journal of Open Source Software},
     keywords = {Python, simulation, Jupyter Notebook, astronomy, cosmology, Astrophysics - Instrumentation and Methods for Astrophysics, Astrophysics - Cosmology and Nongalactic Astrophysics},
         year = 2020,
        month = oct,
       volume = {5},
       number = {54},
          eid = {2582},
        pages = {2582},
          doi = {10.21105/joss.02582},
archivePrefix = {arXiv},
       eprint = {2010.15121},
 primaryClass = {astro-ph.IM},
       adsurl = {https://ui.adsabs.harvard.edu/abs/2020JOSS....5.2582M},
      adsnote = {Provided by the SAO/NASA Astrophysics Data System}
}


@ARTICLE{Cranmer2023,
       author = {{Cranmer}, Miles},
        title = "{Interpretable Machine Learning for Science with PySR and SymbolicRegression.jl}",
      journal = {arXiv e-prints},
     keywords = {Astrophysics - Instrumentation and Methods for Astrophysics, Computer Science - Machine Learning, Computer Science - Neural and Evolutionary Computing, Computer Science - Symbolic Computation, Physics - Data Analysis, Statistics and Probability},
         year = 2023,
        month = may,
          eid = {arXiv:2305.01582},
        pages = {arXiv:2305.01582},
          doi = {10.48550/arXiv.2305.01582},
archivePrefix = {arXiv},
       eprint = {2305.01582},
 primaryClass = {astro-ph.IM},
       adsurl = {https://ui.adsabs.harvard.edu/abs/2023arXiv230501582C},
      adsnote = {Provided by the SAO/NASA Astrophysics Data System}
}


@article{Blas2011,
      author         = "Blas, Diego and Lesgourgues, Julien and Tram, Thomas",
      title          = "{The Cosmic Linear Anisotropy Solving System (CLASS) II:
                        Approximation schemes}",
      journal        = {\jcap},
      volume         = "1107",
      year           = "2011",
      pages          = "034",
      doi            = "10.1088/1475-7516/2011/07/034",
      eprint         = "1104.2933",
      archivePrefix  = "arXiv",
      primaryClass   = "astro-ph.CO",
      reportNumber   = "CERN-PH-TH-2011-082, LAPTH-010-11",
      SLACcitation   = "%%CITATION = ARXIV:1104.2933;%%"
}


@ARTICLE{Planck2020c,
       author = {{Planck Collaboration} and {Aghanim}, N. and {Akrami}, Y. and {Ashdown}, M. and {Aumont}, J. and {Baccigalupi}, C. and {Ballardini}, M. and {Banday}, A.~J. and {Barreiro}, R.~B. and {Bartolo}, N. and {Basak}, S. and {Benabed}, K. and {Bernard}, J. -P. and {Bersanelli}, M. and {Bielewicz}, P. and {Bock}, J.~J. and {Bond}, J.~R. and {Borrill}, J. and {Bouchet}, F.~R. and {Boulanger}, F. and {Bucher}, M. and {Burigana}, C. and {Butler}, R.~C. and {Calabrese}, E. and {Cardoso}, J. -F. and {Carron}, J. and {Casaponsa}, B. and {Challinor}, A. and {Chiang}, H.~C. and {Colombo}, L.~P.~L. and {Combet}, C. and {Crill}, B.~P. and {Cuttaia}, F. and {de Bernardis}, P. and {de Rosa}, A. and {de Zotti}, G. and {Delabrouille}, J. and {Delouis}, J. -M. and {Di Valentino}, E. and {Diego}, J.~M. and {Dor{\'e}}, O. and {Douspis}, M. and {Ducout}, A. and {Dupac}, X. and {Dusini}, S. and {Efstathiou}, G. and {Elsner}, F. and {En{\ss}lin}, T.~A. and {Eriksen}, H.~K. and {Fantaye}, Y. and {Fernandez-Cobos}, R. and {Finelli}, F. and {Frailis}, M. and {Fraisse}, A.~A. and {Franceschi}, E. and {Frolov}, A. and {Galeotta}, S. and {Galli}, S. and {Ganga}, K. and {G{\'e}nova-Santos}, R.~T. and {Gerbino}, M. and {Ghosh}, T. and {Giraud-H{\'e}raud}, Y. and {Gonz{\'a}lez-Nuevo}, J. and {G{\'o}rski}, K.~M. and {Gratton}, S. and {Gruppuso}, A. and {Gudmundsson}, J.~E. and {Hamann}, J. and {Handley}, W. and {Hansen}, F.~K. and {Herranz}, D. and {Hivon}, E. and {Huang}, Z. and {Jaffe}, A.~H. and {Jones}, W.~C. and {Keih{\"a}nen}, E. and {Keskitalo}, R. and {Kiiveri}, K. and {Kim}, J. and {Kisner}, T.~S. and {Krachmalnicoff}, N. and {Kunz}, M. and {Kurki-Suonio}, H. and {Lagache}, G. and {Lamarre}, J. -M. and {Lasenby}, A. and {Lattanzi}, M. and {Lawrence}, C.~R. and {Le Jeune}, M. and {Levrier}, F. and {Lewis}, A. and {Liguori}, M. and {Lilje}, P.~B. and {Lilley}, M. and {Lindholm}, V. and {L{\'o}pez-Caniego}, M. and {Lubin}, P.~M. and {Ma}, Y. -Z. and {Mac{\'\i}as-P{\'e}rez}, J.~F. and {Maggio}, G. and {Maino}, D. and {Mandolesi}, N. and {Mangilli}, A. and {Marcos-Caballero}, A. and {Maris}, M. and {Martin}, P.~G. and {Mart{\'\i}nez-Gonz{\'a}lez}, E. and {Matarrese}, S. and {Mauri}, N. and {McEwen}, J.~D. and {Meinhold}, P.~R. and {Melchiorri}, A. and {Mennella}, A. and {Migliaccio}, M. and {Millea}, M. and {Miville-Desch{\^e}nes}, M. -A. and {Molinari}, D. and {Moneti}, A. and {Montier}, L. and {Morgante}, G. and {Moss}, A. and {Natoli}, P. and {N{\o}rgaard-Nielsen}, H.~U. and {Pagano}, L. and {Paoletti}, D. and {Partridge}, B. and {Patanchon}, G. and {Peiris}, H.~V. and {Perrotta}, F. and {Pettorino}, V. and {Piacentini}, F. and {Polenta}, G. and {Puget}, J. -L. and {Rachen}, J.~P. and {Reinecke}, M. and {Remazeilles}, M. and {Renzi}, A. and {Rocha}, G. and {Rosset}, C. and {Roudier}, G. and {Rubi{\~n}o-Mart{\'\i}n}, J.~A. and {Ruiz-Granados}, B. and {Salvati}, L. and {Sandri}, M. and {Savelainen}, M. and {Scott}, D. and {Shellard}, E.~P.~S. and {Sirignano}, C. and {Sirri}, G. and {Spencer}, L.~D. and {Sunyaev}, R. and {Suur-Uski}, A. -S. and {Tauber}, J.~A. and {Tavagnacco}, D. and {Tenti}, M. and {Toffolatti}, L. and {Tomasi}, M. and {Trombetti}, T. and {Valiviita}, J. and {Van Tent}, B. and {Vielva}, P. and {Villa}, F. and {Vittorio}, N. and {Wandelt}, B.~D. and {Wehus}, I.~K. and {Zacchei}, A. and {Zonca}, A.},
        title = "{Planck 2018 results. V. CMB power spectra and likelihoods}",
      journal = {\aap},
     keywords = {cosmic background radiation, cosmology: observations, cosmological parameters, methods: data analysis, Astrophysics - Cosmology and Nongalactic Astrophysics},
         year = 2020,
        month = sep,
       volume = {641},
          eid = {A5},
        pages = {A5},
          doi = {10.1051/0004-6361/201936386},
archivePrefix = {arXiv},
       eprint = {1907.12875},
 primaryClass = {astro-ph.CO},
       adsurl = {https://ui.adsabs.harvard.edu/abs/2020A&A...641A...5P},
      adsnote = {Provided by the SAO/NASA Astrophysics Data System}
}




@ARTICLE{Planck2020d,
       author = {{Planck Collaboration} and {Aghanim}, N. and {Akrami}, Y. and {Ashdown}, M. and {Aumont}, J. and {Baccigalupi}, C. and {Ballardini}, M. and {Banday}, A.~J. and {Barreiro}, R.~B. and {Bartolo}, N. and {Basak}, S. and {Benabed}, K. and {Bernard}, J. -P. and {Bersanelli}, M. and {Bielewicz}, P. and {Bock}, J.~J. and {Bond}, J.~R. and {Borrill}, J. and {Bouchet}, F.~R. and {Boulanger}, F. and {Bucher}, M. and {Burigana}, C. and {Calabrese}, E. and {Cardoso}, J. -F. and {Carron}, J. and {Challinor}, A. and {Chiang}, H.~C. and {Colombo}, L.~P.~L. and {Combet}, C. and {Crill}, B.~P. and {Cuttaia}, F. and {de Bernardis}, P. and {de Zotti}, G. and {Delabrouille}, J. and {Di Valentino}, E. and {Diego}, J.~M. and {Dor{\'e}}, O. and {Douspis}, M. and {Ducout}, A. and {Dupac}, X. and {Efstathiou}, G. and {Elsner}, F. and {En{\ss}lin}, T.~A. and {Eriksen}, H.~K. and {Fantaye}, Y. and {Fernandez-Cobos}, R. and {Finelli}, F. and {Forastieri}, F. and {Frailis}, M. and {Fraisse}, A.~A. and {Franceschi}, E. and {Frolov}, A. and {Galeotta}, S. and {Galli}, S. and {Ganga}, K. and {G{\'e}nova-Santos}, R.~T. and {Gerbino}, M. and {Ghosh}, T. and {Gonz{\'a}lez-Nuevo}, J. and {G{\'o}rski}, K.~M. and {Gratton}, S. and {Gruppuso}, A. and {Gudmundsson}, J.~E. and {Hamann}, J. and {Handley}, W. and {Hansen}, F.~K. and {Herranz}, D. and {Hivon}, E. and {Huang}, Z. and {Jaffe}, A.~H. and {Jones}, W.~C. and {Karakci}, A. and {Keih{\"a}nen}, E. and {Keskitalo}, R. and {Kiiveri}, K. and {Kim}, J. and {Knox}, L. and {Krachmalnicoff}, N. and {Kunz}, M. and {Kurki-Suonio}, H. and {Lagache}, G. and {Lamarre}, J. -M. and {Lasenby}, A. and {Lattanzi}, M. and {Lawrence}, C.~R. and {Le Jeune}, M. and {Levrier}, F. and {Lewis}, A. and {Liguori}, M. and {Lilje}, P.~B. and {Lindholm}, V. and {L{\'o}pez-Caniego}, M. and {Lubin}, P.~M. and {Ma}, Y. -Z. and {Mac{\'\i}as-P{\'e}rez}, J.~F. and {Maggio}, G. and {Maino}, D. and {Mandolesi}, N. and {Mangilli}, A. and {Marcos-Caballero}, A. and {Maris}, M. and {Martin}, P.~G. and {Mart{\'\i}nez-Gonz{\'a}lez}, E. and {Matarrese}, S. and {Mauri}, N. and {McEwen}, J.~D. and {Melchiorri}, A. and {Mennella}, A. and {Migliaccio}, M. and {Miville-Desch{\^e}nes}, M. -A. and {Molinari}, D. and {Moneti}, A. and {Montier}, L. and {Morgante}, G. and {Moss}, A. and {Natoli}, P. and {Pagano}, L. and {Paoletti}, D. and {Partridge}, B. and {Patanchon}, G. and {Perrotta}, F. and {Pettorino}, V. and {Piacentini}, F. and {Polastri}, L. and {Polenta}, G. and {Puget}, J. -L. and {Rachen}, J.~P. and {Reinecke}, M. and {Remazeilles}, M. and {Renzi}, A. and {Rocha}, G. and {Rosset}, C. and {Roudier}, G. and {Rubi{\~n}o-Mart{\'\i}n}, J.~A. and {Ruiz-Granados}, B. and {Salvati}, L. and {Sandri}, M. and {Savelainen}, M. and {Scott}, D. and {Sirignano}, C. and {Sunyaev}, R. and {Suur-Uski}, A. -S. and {Tauber}, J.~A. and {Tavagnacco}, D. and {Tenti}, M. and {Toffolatti}, L. and {Tomasi}, M. and {Trombetti}, T. and {Valiviita}, J. and {Van Tent}, B. and {Vielva}, P. and {Villa}, F. and {Vittorio}, N. and {Wandelt}, B.~D. and {Wehus}, I.~K. and {White}, M. and {White}, S.~D.~M. and {Zacchei}, A. and {Zonca}, A.},
        title = "{Planck 2018 results. VIII. Gravitational lensing}",
      journal = {\aap},
     keywords = {gravitational lensing: weak, cosmological parameters, cosmic background radiation, large-scale structure of Universe, cosmology: observations, Astrophysics - Cosmology and Nongalactic Astrophysics},
         year = 2020,
        month = sep,
       volume = {641},
          eid = {A8},
        pages = {A8},
          doi = {10.1051/0004-6361/201833886},
archivePrefix = {arXiv},
       eprint = {1807.06210},
 primaryClass = {astro-ph.CO},
       adsurl = {https://ui.adsabs.harvard.edu/abs/2020A&A...641A...8P},
      adsnote = {Provided by the SAO/NASA Astrophysics Data System}
}


@article{Lewis2013,
      author         = "Lewis, Antony",
      title          = "{Efficient sampling of fast and slow cosmological
                        parameters}",
      journal        = {\prd},
      volume         = "87",
      year           = "2013",
      number         = "10",
      pages          = "103529",
      doi            = "10.1103/PhysRevD.87.103529",
      eprint         = "1304.4473",
      archivePrefix  = "arXiv",
      primaryClass   = "astro-ph.CO",
      SLACcitation   = "%%CITATION = ARXIV:1304.4473;%%",
      url            = {https://arxiv.org/abs/1304.4473}
}


@article{Neal2005,
      author    = {{Neal}, R.~M.},
      title     = "{Taking Bigger Metropolis Steps by Dragging Fast Variables}",
      journal   = {ArXiv Mathematics e-prints},
      eprint    = {math/0502099},
      keywords  = {Mathematics - Statistics, Mathematics - Probability, 65C05, 65C60},
      year      = 2005,
      month     = feb,
      adsurl    = {http://adsabs.harvard.edu/abs/2005math......2099N},
      adsnote   = {Provided by the SAO/NASA Astrophysics Data System},
      url       = {https://arxiv.org/abs/math/0502099}
}


@article{Torrado2020,
    author = "Torrado, Jesus and Lewis, Antony",
    title = "{Cobaya: Code for Bayesian Analysis of hierarchical physical models}",
    eprint = "2005.05290",
    archivePrefix = "arXiv",
    primaryClass = "astro-ph.IM",
    reportNumber = "TTK-20-15",
    doi = "10.1088/1475-7516/2021/05/057",
    journal = {\jcap},
    volume = "05",
    pages = "057",
    year = "2021"
}


@ARTICLE{Lewis2008,
       author = {{Lewis}, Antony},
        title = "{Cosmological parameters from WMAP 5-year temperature maps}",
      journal = {\prd},
     keywords = {98.70.Vc, Background radiations, Astrophysics},
         year = 2008,
        month = jul,
       volume = {78},
       number = {2},
          eid = {023002},
        pages = {023002},
          doi = {10.1103/PhysRevD.78.023002},
archivePrefix = {arXiv},
       eprint = {0804.3865},
 primaryClass = {astro-ph},
       adsurl = {https://ui.adsabs.harvard.edu/abs/2008PhRvD..78b3002L},
      adsnote = {Provided by the SAO/NASA Astrophysics Data System}
}


@ARTICLE{Doussot2019,
       author = {{Doussot}, Aristide and {Trac}, Hy and {Cen}, Renyue},
        title = "{SCORCH. II. Radiation-hydrodynamic Simulations of Reionization with Varying Radiation Escape Fractions}",
      journal = {\apj},
     keywords = {cosmology: theory, dark ages, reionization, first stars, galaxies: high-redshift, large-scale structure of universe, Astrophysics - Cosmology and Nongalactic Astrophysics},
         year = 2019,
        month = jan,
       volume = {870},
       number = {1},
          eid = {18},
        pages = {18},
          doi = {10.3847/1538-4357/aaef75},
archivePrefix = {arXiv},
       eprint = {1712.04464},
 primaryClass = {astro-ph.CO},
       adsurl = {https://ui.adsabs.harvard.edu/abs/2019ApJ...870...18D},
      adsnote = {Provided by the SAO/NASA Astrophysics Data System}
}



@article{Gompertz1825,
  title={XXIV. On the nature of the function expressive of the law of human mortality, and on a new mode of determining the value of life contingencies. In a letter to Francis Baily, Esq. FRS \&c},
  author={Gompertz, Benjamin},
  journal={Philosophical transactions of the Royal Society of London},
  number={115},
  pages={513--583},
  year={1825},
  publisher={The Royal Society London}
}


@software{Cranmer2020,
  author       = {Miles Cranmer},
  title        = {PySR: Fast \& Parallelized Symbolic Regression in Python/Julia},
  month        = sep,
  year         = 2020,
  publisher    = {Zenodo},
  doi          = {10.5281/zenodo.4041459},
  url          = {http://doi.org/10.5281/zenodo.4041459}
}


@ARTICLE{Keating2020,
       author = {{Keating}, Laura C. and {Weinberger}, Lewis H. and {Kulkarni}, Girish and {Haehnelt}, Martin G. and {Chardin}, Jonathan and {Aubert}, Dominique},
        title = "{Long troughs in the Lyman-{\ensuremath{\alpha}} forest below redshift 6 due to islands of neutral hydrogen}",
      journal = {\mnras},
     keywords = {methods: numerical, galaxies: high-redshift, intergalactic medium, quasars: absorption lines, dark ages, reionization, first stars, Astrophysics - Cosmology and Nongalactic Astrophysics, Astrophysics - Astrophysics of Galaxies},
         year = 2020,
        month = jan,
       volume = {491},
       number = {2},
        pages = {1736-1745},
          doi = {10.1093/mnras/stz3083},
archivePrefix = {arXiv},
       eprint = {1905.12640},
 primaryClass = {astro-ph.CO},
       adsurl = {https://ui.adsabs.harvard.edu/abs/2020MNRAS.491.1736K},
      adsnote = {Provided by the SAO/NASA Astrophysics Data System}
}


@ARTICLE{Cranmer2020b,
       author = {{Cranmer}, Miles and {Sanchez-Gonzalez}, Alvaro and {Battaglia}, Peter and {Xu}, Rui and {Cranmer}, Kyle and {Spergel}, David and {Ho}, Shirley},
        title = "{Discovering Symbolic Models from Deep Learning with Inductive Biases}",
      journal = {arXiv e-prints},
     keywords = {Computer Science - Machine Learning, Astrophysics - Cosmology and Nongalactic Astrophysics, Astrophysics - Instrumentation and Methods for Astrophysics, Physics - Computational Physics, Statistics - Machine Learning},
         year = 2020,
        month = jun,
          eid = {arXiv:2006.11287},
        pages = {arXiv:2006.11287},
          doi = {10.48550/arXiv.2006.11287},
archivePrefix = {arXiv},
       eprint = {2006.11287},
 primaryClass = {cs.LG},
       adsurl = {https://ui.adsabs.harvard.edu/abs/2020arXiv200611287C},
      adsnote = {Provided by the SAO/NASA Astrophysics Data System}
}

@ARTICLE{Park2019,
       author = {{Park}, Jaehong and {Mesinger}, Andrei and {Greig}, Bradley and
         {Gillet}, Nicolas},
        title = "{Inferring the astrophysics of reionization and cosmic dawn from galaxy luminosity functions and the 21-cm signal}",
      journal = {\mnras},
     keywords = {galaxies: high-redshift, intergalactic medium, dark ages, reionization, first stars, diffuse radiation, early Universe, cosmology: theory, Astrophysics - Astrophysics of Galaxies, Astrophysics - Cosmology and Nongalactic Astrophysics},
         year = 2019,
        month = mar,
       volume = {484},
       number = {1},
        pages = {933-949},
          doi = {10.1093/mnras/stz032},
archivePrefix = {arXiv},
       eprint = {1809.08995},
 primaryClass = {astro-ph.GA},
       adsurl = {https://ui.adsabs.harvard.edu/abs/2019MNRAS.484..933P},
      adsnote = {Provided by the SAO/NASA Astrophysics Data System}
}


@ARTICLE{Trac2007,
       author = {{Trac}, Hy and {Cen}, Renyue},
        title = "{Radiative Transfer Simulations of Cosmic Reionization. I. Methodology and Initial Results}",
      journal = {\apj},
     keywords = {Cosmology: Theory, Galaxies: Formation, Galaxies: Intergalactic Medium, Cosmology: Large-Scale Structure of Universe, Methods: Numerical, Radiative Transfer, Stars: Formation, Astrophysics},
         year = 2007,
        month = dec,
       volume = {671},
       number = {1},
        pages = {1-13},
          doi = {10.1086/522566},
archivePrefix = {arXiv},
       eprint = {astro-ph/0612406},
 primaryClass = {astro-ph},
       adsurl = {https://ui.adsabs.harvard.edu/abs/2007ApJ...671....1T},
      adsnote = {Provided by the SAO/NASA Astrophysics Data System}
}

@ARTICLE{Liu2016,
       author = {{Liu}, Adrian and {Pritchard}, Jonathan R. and {Allison}, Rupert and {Parsons}, Aaron R. and {Seljak}, Uro{\v{s}} and {Sherwin}, Blake D.},
        title = "{Eliminating the optical depth nuisance from the CMB with 21 cm cosmology}",
      journal = {\prd},
     keywords = {Astrophysics - Cosmology and Nongalactic Astrophysics},
         year = 2016,
        month = feb,
       volume = {93},
       number = {4},
          eid = {043013},
        pages = {043013},
          doi = {10.1103/PhysRevD.93.043013},
archivePrefix = {arXiv},
       eprint = {1509.08463},
 primaryClass = {astro-ph.CO},
       adsurl = {https://ui.adsabs.harvard.edu/abs/2016PhRvD..93d3013L},
      adsnote = {Provided by the SAO/NASA Astrophysics Data System}
}


@ARTICLE{Hotinli2023,
       author = {{Hotinli}, Selim C.},
        title = "{Cosmological probes of helium reionization}",
      journal = {\prd},
     keywords = {Astrophysics - Cosmology and Nongalactic Astrophysics, Astrophysics - Astrophysics of Galaxies},
         year = 2023,
        month = aug,
       volume = {108},
       number = {4},
          eid = {043528},
        pages = {043528},
          doi = {10.1103/PhysRevD.108.043528},
archivePrefix = {arXiv},
       eprint = {2212.08004},
 primaryClass = {astro-ph.CO},
       adsurl = {https://ui.adsabs.harvard.edu/abs/2023PhRvD.108d3528H},
      adsnote = {Provided by the SAO/NASA Astrophysics Data System}
}


@ARTICLE{Upton2020,
       author = {{Upton Sanderbeck}, Phoebe and {Bird}, Simeon},
        title = "{Inhomogeneous He II reionization in hydrodynamic simulations}",
      journal = {\mnras},
     keywords = {cosmology: theory, quasars: absorption lines, Astrophysics - Cosmology and Nongalactic Astrophysics},
         year = 2020,
        month = aug,
       volume = {496},
       number = {4},
        pages = {4372-4382},
          doi = {10.1093/mnras/staa1850},
archivePrefix = {arXiv},
       eprint = {2002.05733},
 primaryClass = {astro-ph.CO},
       adsurl = {https://ui.adsabs.harvard.edu/abs/2020MNRAS.496.4372U},
      adsnote = {Provided by the SAO/NASA Astrophysics Data System}
}

@ARTICLE{Ouchi2010,
       author = {{Ouchi}, Masami and {Shimasaku}, Kazuhiro and {Furusawa}, Hisanori and {Saito}, Tomoki and {Yoshida}, Makiko and {Akiyama}, Masayuki and {Ono}, Yoshiaki and {Yamada}, Toru and {Ota}, Kazuaki and {Kashikawa}, Nobunari and {Iye}, Masanori and {Kodama}, Tadayuki and {Okamura}, Sadanori and {Simpson}, Chris and {Yoshida}, Michitoshi},
        title = "{Statistics of 207 Ly{\ensuremath{\alpha}} Emitters at a Redshift Near 7: Constraints on Reionization and Galaxy Formation Models}",
      journal = {\apj},
     keywords = {cosmology: observations, dark ages, reionization, first stars, galaxies: formation, galaxies: high-redshift, galaxies: luminosity function, mass function, Astrophysics - Cosmology and Nongalactic Astrophysics},
         year = 2010,
        month = nov,
       volume = {723},
       number = {1},
        pages = {869-894},
          doi = {10.1088/0004-637X/723/1/869},
archivePrefix = {arXiv},
       eprint = {1007.2961},
 primaryClass = {astro-ph.CO},
       adsurl = {https://ui.adsabs.harvard.edu/abs/2010ApJ...723..869O},
      adsnote = {Provided by the SAO/NASA Astrophysics Data System}
}

@ARTICLE{Sobacchi2015,
       author = {{Sobacchi}, Emanuele and {Mesinger}, Andrei},
        title = "{The clustering of Lyman {\ensuremath{\alpha}} emitters at z {\ensuremath{\approx}} 7: implications for reionization and host halo masses}",
      journal = {\mnras},
     keywords = {galaxies: evolution, galaxies: formation, galaxies: high-redshift, cosmology: theory, dark ages, reionization, first stars, early Universe, Astrophysics - Cosmology and Nongalactic Astrophysics},
         year = 2015,
        month = oct,
       volume = {453},
       number = {2},
        pages = {1843-1854},
          doi = {10.1093/mnras/stv1751},
archivePrefix = {arXiv},
       eprint = {1505.02787},
 primaryClass = {astro-ph.CO},
       adsurl = {https://ui.adsabs.harvard.edu/abs/2015MNRAS.453.1843S},
      adsnote = {Provided by the SAO/NASA Astrophysics Data System}
}

@ARTICLE{Hoag2019,
       author = {{Hoag}, A. and {Brada{\v{c}}}, M. and {Huang}, K. and {Mason}, C. and {Treu}, T. and {Schmidt}, K.~B. and {Trenti}, M. and {Strait}, V. and {Lemaux}, B.~C. and {Finney}, E.~Q. and {Paddock}, M.},
        title = "{Constraining the Neutral Fraction of Hydrogen in the IGM at Redshift 7.5}",
      journal = {\apj},
     keywords = {dark ages, reionization, first stars, galaxies: high-redshift, gravitational lensing: strong, Astrophysics - Astrophysics of Galaxies},
         year = 2019,
        month = jun,
       volume = {878},
       number = {1},
          eid = {12},
        pages = {12},
          doi = {10.3847/1538-4357/ab1de7},
archivePrefix = {arXiv},
       eprint = {1901.09001},
 primaryClass = {astro-ph.GA},
       adsurl = {https://ui.adsabs.harvard.edu/abs/2019ApJ...878...12H},
      adsnote = {Provided by the SAO/NASA Astrophysics Data System}
}

@ARTICLE{Mason2019,
       author = {{Mason}, Charlotte A. and {Fontana}, Adriano and {Treu}, Tommaso and {Schmidt}, Kasper B. and {Hoag}, Austin and {Abramson}, Louis and {Amorin}, Ricardo and {Brada{\v{c}}}, Maru{\v{s}}a and {Guaita}, Lucia and {Jones}, Tucker and {Henry}, Alaina and {Malkan}, Matthew A. and {Pentericci}, Laura and {Trenti}, Michele and {Vanzella}, Eros},
        title = "{Inferences on the timeline of reionization at z {\ensuremath{\sim}} 8 from the KMOS Lens-Amplified Spectroscopic Survey}",
      journal = {\mnras},
     keywords = {galaxies: evolution, galaxies: high-redshift, intergalactic medium, dark ages, reionization, first stars, Astrophysics - Cosmology and Nongalactic Astrophysics, Astrophysics - Astrophysics of Galaxies},
         year = 2019,
        month = may,
       volume = {485},
       number = {3},
        pages = {3947-3969},
          doi = {10.1093/mnras/stz632},
archivePrefix = {arXiv},
       eprint = {1901.11045},
 primaryClass = {astro-ph.CO},
       adsurl = {https://ui.adsabs.harvard.edu/abs/2019MNRAS.485.3947M},
      adsnote = {Provided by the SAO/NASA Astrophysics Data System}
}

@ARTICLE{Mason2018,
       author = {{Mason}, Charlotte A. and {Treu}, Tommaso and {Dijkstra}, Mark and {Mesinger}, Andrei and {Trenti}, Michele and {Pentericci}, Laura and {de Barros}, Stephane and {Vanzella}, Eros},
        title = "{The Universe Is Reionizing at z {\ensuremath{\sim}} 7: Bayesian Inference of the IGM Neutral Fraction Using Ly{\ensuremath{\alpha}} Emission from Galaxies}",
      journal = {\apj},
     keywords = {dark ages, reionization, first stars, galaxies: evolution, galaxies: high redshift, intergalactic medium, Astrophysics - Cosmology and Nongalactic Astrophysics, Astrophysics - Astrophysics of Galaxies},
         year = 2018,
        month = mar,
       volume = {856},
       number = {1},
          eid = {2},
        pages = {2},
          doi = {10.3847/1538-4357/aab0a7},
archivePrefix = {arXiv},
       eprint = {1709.05356},
 primaryClass = {astro-ph.CO},
       adsurl = {https://ui.adsabs.harvard.edu/abs/2018ApJ...856....2M},
      adsnote = {Provided by the SAO/NASA Astrophysics Data System}
}

@ARTICLE{Mesinger2015,
       author = {{Mesinger}, Andrei and {Aykutalp}, Aycin and {Vanzella}, Eros and {Pentericci}, Laura and {Ferrara}, Andrea and {Dijkstra}, Mark},
        title = "{Can the intergalactic medium cause a rapid drop in Ly{\ensuremath{\alpha}} emission at z > 6?}",
      journal = {\mnras},
     keywords = {galaxies: evolution, intergalactic medium, cosmology: theory, dark ages, reionization, first stars, diffuse radiation, early Universe, Astrophysics - Cosmology and Nongalactic Astrophysics, Astrophysics - Astrophysics of Galaxies},
         year = 2015,
        month = jan,
       volume = {446},
       number = {1},
        pages = {566-577},
          doi = {10.1093/mnras/stu2089},
archivePrefix = {arXiv},
       eprint = {1406.6373},
 primaryClass = {astro-ph.CO},
       adsurl = {https://ui.adsabs.harvard.edu/abs/2015MNRAS.446..566M},
      adsnote = {Provided by the SAO/NASA Astrophysics Data System}
}

@ARTICLE{Wang2020,
       author = {{Wang}, Feige and {Davies}, Frederick B. and {Yang}, Jinyi and {Hennawi}, Joseph F. and {Fan}, Xiaohui and {Barth}, Aaron J. and {Jiang}, Linhua and {Wu}, Xue-Bing and {Mudd}, Dale M. and {Ba{\~n}ados}, Eduardo and {Bian}, Fuyan and {Decarli}, Roberto and {Eilers}, Anna-Christina and {Farina}, Emanuele Paolo and {Venemans}, Bram and {Walter}, Fabian and {Yue}, Minghao},
        title = "{A Significantly Neutral Intergalactic Medium Around the Luminous z = 7 Quasar J0252-0503}",
      journal = {\apj},
     keywords = {Intergalactic medium, Quasars, Quasar absorption line spectroscopy, Reionization, Supermassive black holes, Early universe, 813, 1319, 1317, 1383, 1663, 435, Astrophysics - Astrophysics of Galaxies, Astrophysics - Cosmology and Nongalactic Astrophysics},
         year = 2020,
        month = jun,
       volume = {896},
       number = {1},
          eid = {23},
        pages = {23},
          doi = {10.3847/1538-4357/ab8c45},
archivePrefix = {arXiv},
       eprint = {2004.10877},
 primaryClass = {astro-ph.GA},
       adsurl = {https://ui.adsabs.harvard.edu/abs/2020ApJ...896...23W},
      adsnote = {Provided by the SAO/NASA Astrophysics Data System}
}


@ARTICLE{Yang2020,
       author = {{Yang}, Jinyi and {Wang}, Feige and {Fan}, Xiaohui and {Hennawi}, Joseph F. and {Davies}, Frederick B. and {Yue}, Minghao and {Banados}, Eduardo and {Wu}, Xue-Bing and {Venemans}, Bram and {Barth}, Aaron J. and {Bian}, Fuyan and {Boutsia}, Konstantina and {Decarli}, Roberto and {Farina}, Emanuele Paolo and {Green}, Richard and {Jiang}, Linhua and {Li}, Jiang-Tao and {Mazzucchelli}, Chiara and {Walter}, Fabian},
        title = "{P{\={o}}niu{\={a}}'ena: A Luminous z = 7.5 Quasar Hosting a 1.5 Billion Solar Mass Black Hole}",
      journal = {\apjl},
     keywords = {Early universe, Reionization, Intergalactic medium, Quasars, Supermassive black holes, Quasar absorption line spectroscopy, 435, 1383, 813, 1319, 1663, 1317, Astrophysics - Astrophysics of Galaxies},
         year = 2020,
        month = jul,
       volume = {897},
       number = {1},
          eid = {L14},
        pages = {L14},
          doi = {10.3847/2041-8213/ab9c26},
archivePrefix = {arXiv},
       eprint = {2006.13452},
 primaryClass = {astro-ph.GA},
       adsurl = {https://ui.adsabs.harvard.edu/abs/2020ApJ...897L..14Y},
      adsnote = {Provided by the SAO/NASA Astrophysics Data System}
}

@ARTICLE{Greig2022,
       author = {{Greig}, Bradley and {Mesinger}, Andrei and {Davies}, Frederick B. and {Wang}, Feige and {Yang}, Jinyi and {Hennawi}, Joseph F.},
        title = "{IGM damping wing constraints on reionization from covariance reconstruction of two z {\ensuremath{\gtrsim}} 7 QSOs}",
      journal = {\mnras},
     keywords = {galaxies: high-redshift, intergalactic medium, cosmology: theory, dark ages, reionization, first stars, diffuse radiation, early Universe, Astrophysics - Cosmology and Nongalactic Astrophysics},
         year = 2022,
        month = jun,
       volume = {512},
       number = {4},
        pages = {5390-5403},
          doi = {10.1093/mnras/stac825},
archivePrefix = {arXiv},
       eprint = {2112.04091},
 primaryClass = {astro-ph.CO},
       adsurl = {https://ui.adsabs.harvard.edu/abs/2022MNRAS.512.5390G},
      adsnote = {Provided by the SAO/NASA Astrophysics Data System}
}

@ARTICLE{Greig2017,
       author = {{Greig}, Bradley and {Mesinger}, Andrei and {Haiman}, Zolt{\'a}n and {Simcoe}, Robert A.},
        title = "{Are we witnessing the epoch of reionisation at z = 7.1 from the spectrum of J1120+0641?}",
      journal = {\mnras},
     keywords = {cosmology: observations, cosmology: theory, dark ages, reionization, first stars, quasars: general, quasars: emission lines, cosmo-logy: theory, Astrophysics - Cosmology and Nongalactic Astrophysics},
         year = 2017,
        month = apr,
       volume = {466},
       number = {4},
        pages = {4239-4249},
          doi = {10.1093/mnras/stw3351},
archivePrefix = {arXiv},
       eprint = {1606.00441},
 primaryClass = {astro-ph.CO},
       adsurl = {https://ui.adsabs.harvard.edu/abs/2017MNRAS.466.4239G},
      adsnote = {Provided by the SAO/NASA Astrophysics Data System}
}

@ARTICLE{Greig2019,
       author = {{Greig}, Bradley and {Mesinger}, Andrei and {Ba{\~n}ados}, Eduardo},
        title = "{Constraints on reionization from the z = 7.5 QSO ULASJ1342+0928}",
      journal = {\mnras},
     keywords = {quasars: emission lines, quasars: general, dark ages, reionization, first stars, cosmology: observations, cosmology: theory, Astrophysics - Cosmology and Nongalactic Astrophysics},
         year = 2019,
        month = apr,
       volume = {484},
       number = {4},
        pages = {5094-5101},
          doi = {10.1093/mnras/stz230},
archivePrefix = {arXiv},
       eprint = {1807.01593},
 primaryClass = {astro-ph.CO},
       adsurl = {https://ui.adsabs.harvard.edu/abs/2019MNRAS.484.5094G},
      adsnote = {Provided by the SAO/NASA Astrophysics Data System}
}

@ARTICLE{Banados2018,
       author = {{Ba{\~n}ados}, Eduardo and {Venemans}, Bram P. and {Mazzucchelli}, Chiara and {Farina}, Emanuele P. and {Walter}, Fabian and {Wang}, Feige and {Decarli}, Roberto and {Stern}, Daniel and {Fan}, Xiaohui and {Davies}, Frederick B. and {Hennawi}, Joseph F. and {Simcoe}, Robert A. and {Turner}, Monica L. and {Rix}, Hans-Walter and {Yang}, Jinyi and {Kelson}, Daniel D. and {Rudie}, Gwen C. and {Winters}, Jan Martin},
        title = "{An 800-million-solar-mass black hole in a significantly neutral Universe at a redshift of 7.5}",
      journal = {\nat},
     keywords = {Astrophysics - Astrophysics of Galaxies, Astrophysics - Cosmology and Nongalactic Astrophysics},
         year = 2018,
        month = jan,
       volume = {553},
       number = {7689},
        pages = {473-476},
          doi = {10.1038/nature25180},
archivePrefix = {arXiv},
       eprint = {1712.01860},
 primaryClass = {astro-ph.GA},
       adsurl = {https://ui.adsabs.harvard.edu/abs/2018Natur.553..473B},
      adsnote = {Provided by the SAO/NASA Astrophysics Data System}
}

@ARTICLE{Davies2018,
       author = {{Davies}, Frederick B. and {Hennawi}, Joseph F. and {Ba{\~n}ados}, Eduardo and {Luki{\'c}}, Zarija and {Decarli}, Roberto and {Fan}, Xiaohui and {Farina}, Emanuele P. and {Mazzucchelli}, Chiara and {Rix}, Hans-Walter and {Venemans}, Bram P. and {Walter}, Fabian and {Wang}, Feige and {Yang}, Jinyi},
        title = "{Quantitative Constraints on the Reionization History from the IGM Damping Wing Signature in Two Quasars at z > 7}",
      journal = {\apj},
     keywords = {cosmology: observations, cosmology: theory, dark ages, reionization, first stars, intergalactic medium, quasars: absorption lines, Astrophysics - Cosmology and Nongalactic Astrophysics},
         year = 2018,
        month = sep,
       volume = {864},
       number = {2},
          eid = {142},
        pages = {142},
          doi = {10.3847/1538-4357/aad6dc},
archivePrefix = {arXiv},
       eprint = {1802.06066},
 primaryClass = {astro-ph.CO},
       adsurl = {https://ui.adsabs.harvard.edu/abs/2018ApJ...864..142D},
      adsnote = {Provided by the SAO/NASA Astrophysics Data System}
}

@ARTICLE{Cain2021,
       author = {{Cain}, Christopher and {D'Aloisio}, Anson and {Gangolli}, Nakul and {Becker}, George D.},
        title = "{A Short Mean Free Path at z = 6 Favors Late and Rapid Reionization by Faint Galaxies}",
      journal = {\apjl},
     keywords = {Cosmology, Galaxy formation, Early universe, Reionization, 343, 595, 435, 1383, Astrophysics - Cosmology and Nongalactic Astrophysics},
         year = 2021,
        month = aug,
       volume = {917},
       number = {2},
          eid = {L37},
        pages = {L37},
          doi = {10.3847/2041-8213/ac1ace},
archivePrefix = {arXiv},
       eprint = {2105.10511},
 primaryClass = {astro-ph.CO},
       adsurl = {https://ui.adsabs.harvard.edu/abs/2021ApJ...917L..37C},
      adsnote = {Provided by the SAO/NASA Astrophysics Data System}
}

@ARTICLE{Montero2024,
       author = {{Montero-Camacho}, Paulo and {Zhang}, Yao and {Mao}, Yi},
        title = "{The long-lasting effect of X-ray pre-heating in the post-reionization intergalactic medium}",
      journal = {\mnras},
     keywords = {intergalactic medium, dark ages, reionization, first stars, Astrophysics - Cosmology and Nongalactic Astrophysics},
         year = 2024,
        month = apr,
       volume = {529},
       number = {4},
        pages = {3666-3683},
          doi = {10.1093/mnras/stae751},
archivePrefix = {arXiv},
       eprint = {2307.10598},
 primaryClass = {astro-ph.CO},
       adsurl = {https://ui.adsabs.harvard.edu/abs/2024MNRAS.529.3666M},
      adsnote = {Provided by the SAO/NASA Astrophysics Data System}
}


@ARTICLE{Gelman1992,
       author = {{Gelman}, Andrew and {Rubin}, Donald B.},
        title = "{Inference from Iterative Simulation Using Multiple Sequences}",
      journal = {Statistical Science},
         year = 1992,
        month = jan,
       volume = {7},
        pages = {457-472},
          doi = {10.1214/ss/1177011136},
       adsurl = {https://ui.adsabs.harvard.edu/abs/1992StaSc...7..457G},
      adsnote = {Provided by the SAO/NASA Astrophysics Data System}
}


@article{Sobol1967,
  title={On the Distribution of Points in a Cube and the Approximate Evaluation of Integrals},
  author={Sobol', Il'ya Meerovich},
  journal={Zhurnal Vychislitel'noi Matematiki i Matematicheskoi Fiziki},
  volume={7},
  number={4},
  pages={784--802},
  year={1967},
  publisher={Russian Academy of Sciences, Branch of Mathematical Sciences}
}


@article{Owen1998,
  title={Scrambling Sobol'and Niederreiter--Xing Points},
  author={Owen, Art B},
  journal={Journal of complexity},
  volume={14},
  number={4},
  pages={466--489},
  year={1998},
  publisher={Elsevier}
}


@ARTICLE{Planck2014,
       author = {{Planck Collaboration} and {Ade}, P.~A.~R. and {Aghanim}, N. and {Armitage-Caplan}, C. and {Arnaud}, M. and {Ashdown}, M. and {Atrio-Barandela}, F. and {Aumont}, J. and {Baccigalupi}, C. and {Banday}, A.~J. and {Barreiro}, R.~B. and {Bartlett}, J.~G. and {Battaner}, E. and {Benabed}, K. and {Beno{\^\i}t}, A. and {Benoit-L{\'e}vy}, A. and {Bernard}, J. -P. and {Bersanelli}, M. and {Bielewicz}, P. and {Bobin}, J. and {Bock}, J.~J. and {Bonaldi}, A. and {Bond}, J.~R. and {Borrill}, J. and {Bouchet}, F.~R. and {Bridges}, M. and {Bucher}, M. and {Burigana}, C. and {Butler}, R.~C. and {Calabrese}, E. and {Cappellini}, B. and {Cardoso}, J. -F. and {Catalano}, A. and {Challinor}, A. and {Chamballu}, A. and {Chary}, R. -R. and {Chen}, X. and {Chiang}, H.~C. and {Chiang}, L. -Y. and {Christensen}, P.~R. and {Church}, S. and {Clements}, D.~L. and {Colombi}, S. and {Colombo}, L.~P.~L. and {Couchot}, F. and {Coulais}, A. and {Crill}, B.~P. and {Curto}, A. and {Cuttaia}, F. and {Danese}, L. and {Davies}, R.~D. and {Davis}, R.~J. and {de Bernardis}, P. and {de Rosa}, A. and {de Zotti}, G. and {Delabrouille}, J. and {Delouis}, J. -M. and {D{\'e}sert}, F. -X. and {Dickinson}, C. and {Diego}, J.~M. and {Dolag}, K. and {Dole}, H. and {Donzelli}, S. and {Dor{\'e}}, O. and {Douspis}, M. and {Dunkley}, J. and {Dupac}, X. and {Efstathiou}, G. and {Elsner}, F. and {En{\ss}lin}, T.~A. and {Eriksen}, H.~K. and {Finelli}, F. and {Forni}, O. and {Frailis}, M. and {Fraisse}, A.~A. and {Franceschi}, E. and {Gaier}, T.~C. and {Galeotta}, S. and {Galli}, S. and {Ganga}, K. and {Giard}, M. and {Giardino}, G. and {Giraud-H{\'e}raud}, Y. and {Gjerl{\o}w}, E. and {Gonz{\'a}lez-Nuevo}, J. and {G{\'o}rski}, K.~M. and {Gratton}, S. and {Gregorio}, A. and {Gruppuso}, A. and {Gudmundsson}, J.~E. and {Haissinski}, J. and {Hamann}, J. and {Hansen}, F.~K. and {Hanson}, D. and {Harrison}, D. and {Henrot-Versill{\'e}}, S. and {Hern{\'a}ndez-Monteagudo}, C. and {Herranz}, D. and {Hildebrandt}, S.~R. and {Hivon}, E. and {Hobson}, M. and {Holmes}, W.~A. and {Hornstrup}, A. and {Hou}, Z. and {Hovest}, W. and {Huffenberger}, K.~M. and {Jaffe}, A.~H. and {Jaffe}, T.~R. and {Jewell}, J. and {Jones}, W.~C. and {Juvela}, M. and {Keih{\"a}nen}, E. and {Keskitalo}, R. and {Kisner}, T.~S. and {Kneissl}, R. and {Knoche}, J. and {Knox}, L. and {Kunz}, M. and {Kurki-Suonio}, H. and {Lagache}, G. and {L{\"a}hteenm{\"a}ki}, A. and {Lamarre}, J. -M. and {Lasenby}, A. and {Lattanzi}, M. and {Laureijs}, R.~J. and {Lawrence}, C.~R. and {Leach}, S. and {Leahy}, J.~P. and {Leonardi}, R. and {Le{\'o}n-Tavares}, J. and {Lesgourgues}, J. and {Lewis}, A. and {Liguori}, M. and {Lilje}, P.~B. and {Linden-V{\o}rnle}, M. and {L{\'o}pez-Caniego}, M. and {Lubin}, P.~M. and {Mac{\'\i}as-P{\'e}rez}, J.~F. and {Maffei}, B. and {Maino}, D. and {Mandolesi}, N. and {Maris}, M. and {Marshall}, D.~J. and {Martin}, P.~G. and {Mart{\'\i}nez-Gonz{\'a}lez}, E. and {Masi}, S. and {Massardi}, M. and {Matarrese}, S. and {Matthai}, F. and {Mazzotta}, P. and {Meinhold}, P.~R. and {Melchiorri}, A. and {Melin}, J. -B. and {Mendes}, L. and {Menegoni}, E. and {Mennella}, A. and {Migliaccio}, M. and {Millea}, M. and {Mitra}, S. and {Miville-Desch{\^e}nes}, M. -A. and {Moneti}, A. and {Montier}, L. and {Morgante}, G. and {Mortlock}, D. and {Moss}, A. and {Munshi}, D. and {Murphy}, J.~A. and {Naselsky}, P. and {Nati}, F. and {Natoli}, P. and {Netterfield}, C.~B. and {N{\o}rgaard-Nielsen}, H.~U. and {Noviello}, F. and {Novikov}, D. and {Novikov}, I. and {O'Dwyer}, I.~J. and {Osborne}, S. and {Oxborrow}, C.~A. and {Paci}, F. and {Pagano}, L. and {Pajot}, F. and {Paladini}, R. and {Paoletti}, D. and {Partridge}, B. and {Pasian}, F. and {Patanchon}, G. and {Pearson}, D. and {Pearson}, T.~J. and {Peiris}, H.~V. and {Perdereau}, O. and {Perotto}, L. and {Perrotta}, F. and {Pettorino}, V. and {Piacentini}, F. and {Piat}, M. and {Pierpaoli}, E. and {Pietrobon}, D. and {Plaszczynski}, S. and {Platania}, P. and {Pointecouteau}, E. and {Polenta}, G. and {Ponthieu}, N. and {Popa}, L. and {Poutanen}, T. and {Pratt}, G.~W. and {Pr{\'e}zeau}, G. and {Prunet}, S. and {Puget}, J. -L. and {Rachen}, J.~P. and {Reach}, W.~T. and {Rebolo}, R. and {Reinecke}, M. and {Remazeilles}, M. and {Renault}, C. and {Ricciardi}, S. and {Riller}, T. and {Ristorcelli}, I. and {Rocha}, G. and {Rosset}, C. and {Roudier}, G. and {Rowan-Robinson}, M. and {Rubi{\~n}o-Mart{\'\i}n}, J.~A. and {Rusholme}, B. and {Sandri}, M. and {Santos}, D. and {Savelainen}, M. and {Savini}, G. and {Scott}, D. and {Seiffert}, M.~D. and {Shellard}, E.~P.~S. and {Spencer}, L.~D. and {Starck}, J. -L. and {Stolyarov}, V. and {Stompor}, R. and {Sudiwala}, R. and {Sunyaev}, R. and {Sureau}, F. and {Sutton}, D. and {Suur-Uski}, A. -S. and {Sygnet}, J. -F. and {Tauber}, J.~A. and {Tavagnacco}, D. and {Terenzi}, L. and {Toffolatti}, L. and {Tomasi}, M. and {Tristram}, M. and {Tucci}, M. and {Tuovinen}, J. and {T{\"u}rler}, M. and {Umana}, G. and {Valenziano}, L. and {Valiviita}, J. and {Van Tent}, B. and {Vielva}, P. and {Villa}, F. and {Vittorio}, N. and {Wade}, L.~A. and {Wandelt}, B.~D. and {Wehus}, I.~K. and {White}, M. and {White}, S.~D.~M. and {Wilkinson}, A. and {Yvon}, D. and {Zacchei}, A. and {Zonca}, A.},
        title = "{Planck 2013 results. XVI. Cosmological parameters}",
      journal = {\aap},
     keywords = {cosmic background radiation, cosmological parameters, early Universe, inflation, primordial nucleosynthesis, Astrophysics - Cosmology and Nongalactic Astrophysics},
         year = 2014,
        month = nov,
       volume = {571},
          eid = {A16},
        pages = {A16},
          doi = {10.1051/0004-6361/201321591},
archivePrefix = {arXiv},
       eprint = {1303.5076},
 primaryClass = {astro-ph.CO},
       adsurl = {https://ui.adsabs.harvard.edu/abs/2014A&A...571A..16P},
      adsnote = {Provided by the SAO/NASA Astrophysics Data System}
}


@ARTICLE{Lewis2002,
       author = {{Lewis}, Antony and {Bridle}, Sarah},
        title = "{Cosmological parameters from CMB and other data: A Monte Carlo approach}",
      journal = {\prd},
     keywords = {98.80.Es, 02.70.Uu, 14.60.Pq, Observational cosmology, Applications of Monte Carlo methods, Neutrino mass and mixing, Astrophysics, High Energy Physics - Phenomenology},
         year = 2002,
        month = nov,
       volume = {66},
       number = {10},
          eid = {103511},
        pages = {103511},
          doi = {10.1103/PhysRevD.66.103511},
archivePrefix = {arXiv},
       eprint = {astro-ph/0205436},
 primaryClass = {astro-ph},
       adsurl = {https://ui.adsabs.harvard.edu/abs/2002PhRvD..66j3511L},
      adsnote = {Provided by the SAO/NASA Astrophysics Data System}
}


@ARTICLE{Ning2024,
       author = {{Ning}, Yuanhang and {Cai}, Zheng and {Lin}, Xiaojing and {Zheng}, Zhen-Ya and {Feng}, Xiaotong and {Li}, Mingyu and {Li}, Qiong and {Spinoso}, Daniele and {Wu}, Yunjing and {Zhang}, Haibin},
        title = "{Unveiling Luminous Ly{\ensuremath{\alpha}} Emitters at z {\ensuremath{\approx}} 6 through JWST/NIRCam Imaging in the COSMOS Field}",
      journal = {\apjl},
     keywords = {High-redshift galaxies, Lyman-alpha galaxies, Galaxy properties, Galaxy mergers, Active galactic nuclei, Reionization, 734, 978, 615, 608, 16, 1383, Astrophysics - Astrophysics of Galaxies},
         year = 2024,
        month = mar,
       volume = {963},
       number = {2},
          eid = {L38},
        pages = {L38},
          doi = {10.3847/2041-8213/ad292f},
archivePrefix = {arXiv},
       eprint = {2312.04841},
 primaryClass = {astro-ph.GA},
       adsurl = {https://ui.adsabs.harvard.edu/abs/2024ApJ...963L..38N},
      adsnote = {Provided by the SAO/NASA Astrophysics Data System}
}


@ARTICLE{Paoletti2024,
       author = {{Paoletti}, Daniela and {Hazra}, Dhiraj Kumar and {Finelli}, Fabio and {Smoot}, George F.},
        title = "{The asymmetry of dawn: evidence for asymmetric reionization histories from a joint analysis of cosmic microwave background and astrophysical data}",
      journal = {arXiv e-prints},
     keywords = {Astrophysics - Cosmology and Nongalactic Astrophysics},
         year = 2024,
        month = may,
          eid = {arXiv:2405.09506},
        pages = {arXiv:2405.09506},
archivePrefix = {arXiv},
       eprint = {2405.09506},
 primaryClass = {astro-ph.CO},
       adsurl = {https://ui.adsabs.harvard.edu/abs/2024arXiv240509506P},
      adsnote = {Provided by the SAO/NASA Astrophysics Data System}
}


@ARTICLE{Flitter2024,
       author = {{Flitter}, Jordan and {Kovetz}, Ely D.},
        title = "{New tool for 21-cm cosmology. I. Probing {\ensuremath{\Lambda}} CDM and beyond}",
      journal = {\prd},
     keywords = {Astrophysics - Cosmology and Nongalactic Astrophysics},
         year = 2024,
        month = feb,
       volume = {109},
       number = {4},
          eid = {043512},
        pages = {043512},
          doi = {10.1103/PhysRevD.109.043512},
archivePrefix = {arXiv},
       eprint = {2309.03942},
 primaryClass = {astro-ph.CO},
       adsurl = {https://ui.adsabs.harvard.edu/abs/2024PhRvD.109d3512F},
      adsnote = {Provided by the SAO/NASA Astrophysics Data System}
}

